@article{dollar2014fast,
  title={Fast feature pyramids for object detection},
  author={Doll{\'a}r, Piotr and Appel, Ron and Belongie, Serge and Perona, Pietro},
  journal={IEEE Transactions on Pattern Analysis and Machine Intelligence},
  volume={36},
  number={8},
  pages={1532--1545},
  year={2014},
  publisher={IEEE}
}

@inproceedings{Bewley2016_sort,
  author={Bewley, Alex and Ge, Zongyuan and Ott, Lionel and Ramos, Fabio and Upcroft, Ben},
  booktitle={2016 IEEE International Conference on Image Processing (ICIP)},
  title={Simple online and realtime tracking},
  year={2016},
  pages={3464-3468},
  keywords={Benchmark testing;Complexity theory;Detectors;Kalman filters;Target tracking;Visualization;Computer Vision;Data Association;Detection;Multiple Object Tracking},
  doi={10.1109/ICIP.2016.7533003}
}

@article{DBLP:journals/corr/OndruskaP16,
  author    = {Peter Ondruska and
               Ingmar Posner},
  title     = {Deep Tracking: Seeing Beyond Seeing Using Recurrent Neural Networks},
  journal   = {CoRR},
  volume    = {abs/1602.00991},
  year      = {2016},
  url       = {http://arxiv.org/abs/1602.00991},
  archivePrefix = {arXiv},
  eprint    = {1602.00991},
  timestamp = {Wed, 07 Jun 2017 14:40:27 +0200},
  biburl    = {http://dblp.org/rec/bib/journals/corr/OndruskaP16},
  bibsource = {dblp computer science bibliography, http://dblp.org}
}

@Inbook{Sturm2014,
author="Sturm, Peter",
editor="Ikeuchi, Katsushi",
title="Pinhole Camera Model",
bookTitle="Computer Vision: A Reference Guide",
year="2014",
publisher="Springer US",
address="Boston, MA",
pages="610--613",
isbn="978-0-387-31439-6",
doi="10.1007/978-0-387-31439-6_472",
url="https://doi.org/10.1007/978-0-387-31439-6_472"
}

@article{chen17implementation,
    Author = {Xinlei Chen and Abhinav Gupta},
    Title = {An Implementation of Faster RCNN with Study for Region Sampling},
    Journal = {arXiv preprint arXiv:1702.02138},
    Year = {2017}
}

@incollection{NIPS2015_5638,
title = {Faster R-CNN: Towards Real-Time Object Detection with Region Proposal Networks},
author = {Ren, Shaoqing and He, Kaiming and Girshick, Ross and Sun, Jian},
booktitle = {Advances in Neural Information Processing Systems 28},
editor = {C. Cortes and N. D. Lawrence and D. D. Lee and M. Sugiyama and R. Garnett},
pages = {91--99},
year = {2015},
publisher = {Curran Associates, Inc.},
url = {http://papers.nips.cc/paper/5638-faster-r-cnn-towards-real-time-object-detection-with-region-proposal-networks.pdf}
}

@inproceedings{girshick2015fast,
  title={Fast r-cnn},
  author={Girshick, Ross},
  booktitle={Proceedings of the IEEE international conference on computer vision},
  pages={1440--1448},
  year={2015}
}