@article{dollar2014fast,
  title={Fast feature pyramids for object detection},
  author={Doll{\'a}r, Piotr and Appel, Ron and Belongie, Serge and Perona, Pietro},
  journal={IEEE Transactions on Pattern Analysis and Machine Intelligence},
  volume={36},
  number={8},
  pages={1532--1545},
  year={2014},
  publisher={IEEE}
}

@inproceedings{Bewley2016_sort,
  author={Bewley, Alex and Ge, Zongyuan and Ott, Lionel and Ramos, Fabio and Upcroft, Ben},
  booktitle={2016 IEEE International Conference on Image Processing (ICIP)},
  title={Simple online and realtime tracking},
  year={2016},
  pages={3464-3468},
  keywords={Benchmark testing;Complexity theory;Detectors;Kalman filters;Target tracking;Visualization;Computer Vision;Data Association;Detection;Multiple Object Tracking},
  doi={10.1109/ICIP.2016.7533003}
}

